@book{goossens93,
	author    = "Michel Goossens and Frank Mittlebach and Alexander Samarin",
	title     = "The Latex Companion",
	year      = "1993",
	publisher = "Addison-Wesley",
	address   = "Reading, Massachusetts"
}

@book{heinz00,
	author    = "Ernst Heinz",
	title     = "Scalable Search in Computer Chess",
	year      = "2000",
	publisher = "Vieweg",
}


@article{gordonreda,
	author    = "V. Scott Gordon and Ahmed Reda",
	title     = "Trappy Minimax - using Iterative Deepening to Identify and Set
               Traps in Two-Player Games",
}

@article{buro,
	author    = "Michael Buro",
	title     = "Toward Opening Book Learning",
}

@article{donningerlorenz,
	author    = "Chrilly Donninger and Ulf Lorenz",
	title     = "Innovative Opening-Book Handling",
}

